@online{spacescape
  url = https://github.com/petrocket/spacescape
}

@online{godotgithub
  url = https://github.com/godotengine/godot
}